@book{book,
author = {Mcgeoch, Catherine},
year = {2008},
month = {01},
pages = {},
title = {Experimental Algorithms, 7th International Workshop, WEA 2008, Provincetown, MA, USA, May 30June 1, 2008, Proceedings},
volume = {5038},
journal = {Lecture Notes in Computer Science},
doi = {10.1007/978-3-540-68552-4}
}