@BOOK{NAP14655,
  author    = "Transportation Research Board and National Academies of Sciences, Engineering, and Medicine",
  title     = "Ridesharing as a Complement to Transit",
  doi       = "10.17226/14655",
  abstract  = "TRB\u2019s Transit Cooperative Research Program (TCRP) Synthesis 98: Ridesharing as a Complement to Transit explores current practices in using ridesharing to complement public transit and highlights ways to potentially enhance ridesharing and public transit.",
  url       = "https://www.nap.edu/catalog/14655/ridesharing-as-a-complement-to-transit",
  year      = 2012,
  publisher = "The National Academies Press",
  address   = "Washington, DC"
}