@article{article,
author = {Cordeau, Jean-Fran√ßois and Laporte, Gilbert},
year = {2007},
month = {06},
pages = {29-46},
title = {The dial-a-ride problem (DARP): Models and algorithms},
volume = {153},
journal = {Annals OR},
doi = {10.1007/s10479-007-0170-8}
}